@article{giner2017beyond,
  title={Beyond purity: Moral disgust toward bad character},
  author={Giner-Sorolla, Roger and Chapman, Hanah A},
  journal={Psychological Science},
  volume={28},
  number={1},
  pages={80--91},
  year={2017},
  publisher={Sage Publications Sage CA: Los Angeles, CA}
}
@article{uhlmann2015person,
  title={A person-centered approach to moral judgment},
  author={Uhlmann, Eric Luis and Pizarro, David A and Diermeier, Daniel},
  journal={Perspectives on Psychological Science},
  volume={10},
  number={1},
  pages={72--81},
  year={2015},
  publisher={Sage Publications Sage CA: Los Angeles, CA}
}
